@misc{wikipedia,
    title = {Srinivasa Ramanujan}, 
    howpublished = {\url{https://en.wikipedia.org/wiki/Srinivasa_Ramanujan}}, 
}

@article{1917-hardy-ramanujan,
    author = {Hardy, G. H. and Ramanujan, S.},
    title = {Asymptotic Formul\ae{} in Combinatory Analysis},
    journal = {Proceedings of the London Mathematical Society},
    volume = {s2-17},
    number = {1},
    pages = {75--115},
    doi = {10.1112/plms/s2-17.1.75},
    year = {1917},
}

@book{2000-aiyangar-etal,
    title={Collected Papers of Srinivasa Ramanujan},
    author={Aiyangar, S. R. and Hardy, G. H. and Aiyar, P. V. S. and Wilson, B. M.},
    isbn={9780821820766},
    lccn={99043778},
    series={AMS Chelsea Publishing Series},
    year={2000},
    publisher={AMS Chelsea Pub.}
}